[
    {
        "timestamp": "1740915479253",
        "asset_id": "6856495334599070327400479404766108364224261454141327193457127201769494631355",
        "message": {
            "asset_id": "6856495334599070327400479404766108364224261454141327193457127201769494631355",
            "event_type": "last_trade_price",
            "fee_rate_bps": "0",
            "market": "0x405534c03f82e56a397478db7b068dbb683fb46c976265f650ba6510200749da",
            "price": "0.959",
            "side": "SELL",
            "size": "23.5",
            "timestamp": "1740915479253"
        }
    },
    {
        "timestamp": "1740915646253",
        "asset_id": "7764507923512538708659015611202625912491255010579260037157032917613332967467",
        "message": {
            "asset_id": "7764507923512538708659015611202625912491255010579260037157032917613332967467",
            "event_type": "last_trade_price",
            "fee_rate_bps": "0",
            "market": "0x902b551eabdaeaf91d9679365ad4bdf258fbd1b85246dee247b30aa8e3d4f4a2",
            "price": "0.004",
            "side": "BUY",
            "size": "767.61",
            "timestamp": "1740915646253"
        }
    },
    {
        "timestamp": "1740915793828",
        "asset_id": "6856495334599070327400479404766108364224261454141327193457127201769494631355",
        "message": {
            "asset_id": "6856495334599070327400479404766108364224261454141327193457127201769494631355",
            "event_type": "last_trade_price",
            "fee_rate_bps": "0",
            "market": "0x405534c03f82e56a397478db7b068dbb683fb46c976265f650ba6510200749da",
            "price": "0.96",
            "side": "BUY",
            "size": "625",
            "timestamp": "1740915793828"
        }
    },
    {
        "timestamp": "1740916028397",
        "asset_id": "6856495334599070327400479404766108364224261454141327193457127201769494631355",
        "message": {
            "asset_id": "6856495334599070327400479404766108364224261454141327193457127201769494631355",
            "event_type": "last_trade_price",
            "fee_rate_bps": "0",
            "market": "0x405534c03f82e56a397478db7b068dbb683fb46c976265f650ba6510200749da",
            "price": "0.959",
            "side": "SELL",
            "size": "625",
            "timestamp": "1740916028397"
        }
    },
    {
        "timestamp": "1740916332868",
        "asset_id": "6856495334599070327400479404766108364224261454141327193457127201769494631355",
        "message": {
            "asset_id": "6856495334599070327400479404766108364224261454141327193457127201769494631355",
            "event_type": "last_trade_price",
            "fee_rate_bps": "0",
            "market": "0x405534c03f82e56a397478db7b068dbb683fb46c976265f650ba6510200749da",
            "price": "0.96",
            "side": "BUY",
            "size": "729.16665",
            "timestamp": "1740916332868"
        }
    },
    {
        "timestamp": "1740916445828",
        "asset_id": "6856495334599070327400479404766108364224261454141327193457127201769494631355",
        "message": {
            "asset_id": "6856495334599070327400479404766108364224261454141327193457127201769494631355",
            "event_type": "last_trade_price",
            "fee_rate_bps": "0",
            "market": "0x405534c03f82e56a397478db7b068dbb683fb46c976265f650ba6510200749da",
            "price": "0.959",
            "side": "SELL",
            "size": "729.16",
            "timestamp": "1740916445828"
        }
    },
    {
        "timestamp": "1740916568206",
        "asset_id": "6856495334599070327400479404766108364224261454141327193457127201769494631355",
        "message": {
            "asset_id": "6856495334599070327400479404766108364224261454141327193457127201769494631355",
            "event_type": "last_trade_price",
            "fee_rate_bps": "0",
            "market": "0x405534c03f82e56a397478db7b068dbb683fb46c976265f650ba6510200749da",
            "price": "0.959",
            "side": "SELL",
            "size": "12.86",
            "timestamp": "1740916568206"
        }
    },
    {
        "timestamp": "1740916891901",
        "asset_id": "6856495334599070327400479404766108364224261454141327193457127201769494631355",
        "message": {
            "asset_id": "6856495334599070327400479404766108364224261454141327193457127201769494631355",
            "event_type": "last_trade_price",
            "fee_rate_bps": "0",
            "market": "0x405534c03f82e56a397478db7b068dbb683fb46c976265f650ba6510200749da",
            "price": "0.959",
            "side": "SELL",
            "size": "11.93",
            "timestamp": "1740916891901"
        }
    },
    {
        "timestamp": "1740917447994",
        "asset_id": "73195466598131388170821776880758003788512546260802630290144229509026208855089",
        "message": {
            "asset_id": "73195466598131388170821776880758003788512546260802630290144229509026208855089",
            "event_type": "last_trade_price",
            "fee_rate_bps": "0",
            "market": "0x320045be25e331375755d9126cbe20a319ace7c7d9258227e3ccdc9267d786a0",
            "price": "0.024",
            "side": "BUY",
            "size": "41.666665",
            "timestamp": "1740917447994"
        }
    },
    {
        "timestamp": "1740917600681",
        "asset_id": "73195466598131388170821776880758003788512546260802630290144229509026208855089",
        "message": {
            "asset_id": "73195466598131388170821776880758003788512546260802630290144229509026208855089",
            "event_type": "last_trade_price",
            "fee_rate_bps": "0",
            "market": "0x320045be25e331375755d9126cbe20a319ace7c7d9258227e3ccdc9267d786a0",
            "price": "0.024",
            "side": "BUY",
            "size": "74",
            "timestamp": "1740917600681"
        }
    },
    {
        "timestamp": "1740917649887",
        "asset_id": "88643218703041538921477211574402135868068849303184796552643053766802615912255",
        "message": {
            "asset_id": "88643218703041538921477211574402135868068849303184796552643053766802615912255",
            "event_type": "last_trade_price",
            "fee_rate_bps": "0",
            "market": "0xeba50b6a5e1a5a682c8aaf34152d4eb91e0410d59117392f09ac2fca9735c366",
            "price": "0.003",
            "side": "BUY",
            "size": "1600",
            "timestamp": "1740917649887"
        }
    },
    {
        "timestamp": "1740917660038",
        "asset_id": "73195466598131388170821776880758003788512546260802630290144229509026208855089",
        "message": {
            "asset_id": "73195466598131388170821776880758003788512546260802630290144229509026208855089",
            "event_type": "last_trade_price",
            "fee_rate_bps": "0",
            "market": "0x320045be25e331375755d9126cbe20a319ace7c7d9258227e3ccdc9267d786a0",
            "price": "0.024",
            "side": "BUY",
            "size": "74",
            "timestamp": "1740917660038"
        }
    },
    {
        "timestamp": "1740917717463",
        "asset_id": "6856495334599070327400479404766108364224261454141327193457127201769494631355",
        "message": {
            "asset_id": "6856495334599070327400479404766108364224261454141327193457127201769494631355",
            "event_type": "last_trade_price",
            "fee_rate_bps": "0",
            "market": "0x405534c03f82e56a397478db7b068dbb683fb46c976265f650ba6510200749da",
            "price": "0.96",
            "side": "BUY",
            "size": "201.73",
            "timestamp": "1740917717463"
        }
    },
    {
        "timestamp": "1740917731068",
        "asset_id": "6856495334599070327400479404766108364224261454141327193457127201769494631355",
        "message": {
            "asset_id": "6856495334599070327400479404766108364224261454141327193457127201769494631355",
            "event_type": "last_trade_price",
            "fee_rate_bps": "0",
            "market": "0x405534c03f82e56a397478db7b068dbb683fb46c976265f650ba6510200749da",
            "price": "0.96",
            "side": "SELL",
            "size": "45.7",
            "timestamp": "1740917731068"
        }
    },
    {
        "timestamp": "1740917825797",
        "asset_id": "73195466598131388170821776880758003788512546260802630290144229509026208855089",
        "message": {
            "asset_id": "73195466598131388170821776880758003788512546260802630290144229509026208855089",
            "event_type": "last_trade_price",
            "fee_rate_bps": "0",
            "market": "0x320045be25e331375755d9126cbe20a319ace7c7d9258227e3ccdc9267d786a0",
            "price": "0.024",
            "side": "BUY",
            "size": "365",
            "timestamp": "1740917825797"
        }
    },
    {
        "timestamp": "1740917882552",
        "asset_id": "6856495334599070327400479404766108364224261454141327193457127201769494631355",
        "message": {
            "asset_id": "6856495334599070327400479404766108364224261454141327193457127201769494631355",
            "event_type": "last_trade_price",
            "fee_rate_bps": "0",
            "market": "0x405534c03f82e56a397478db7b068dbb683fb46c976265f650ba6510200749da",
            "price": "0.96",
            "side": "SELL",
            "size": "39.9",
            "timestamp": "1740917882552"
        }
    },
    {
        "timestamp": "1740917963795",
        "asset_id": "6856495334599070327400479404766108364224261454141327193457127201769494631355",
        "message": {
            "asset_id": "6856495334599070327400479404766108364224261454141327193457127201769494631355",
            "event_type": "last_trade_price",
            "fee_rate_bps": "0",
            "market": "0x405534c03f82e56a397478db7b068dbb683fb46c976265f650ba6510200749da",
            "price": "0.961",
            "side": "BUY",
            "size": "165",
            "timestamp": "1740917963795"
        }
    },
    {
        "timestamp": "1740917966774",
        "asset_id": "7764507923512538708659015611202625912491255010579260037157032917613332967467",
        "message": {
            "asset_id": "7764507923512538708659015611202625912491255010579260037157032917613332967467",
            "event_type": "last_trade_price",
            "fee_rate_bps": "0",
            "market": "0x902b551eabdaeaf91d9679365ad4bdf258fbd1b85246dee247b30aa8e3d4f4a2",
            "price": "0.003",
            "side": "SELL",
            "size": "513.42",
            "timestamp": "1740917966774"
        }
    },
    {
        "timestamp": "1740918451027",
        "asset_id": "6856495334599070327400479404766108364224261454141327193457127201769494631355",
        "message": {
            "asset_id": "6856495334599070327400479404766108364224261454141327193457127201769494631355",
            "event_type": "last_trade_price",
            "fee_rate_bps": "0",
            "market": "0x405534c03f82e56a397478db7b068dbb683fb46c976265f650ba6510200749da",
            "price": "0.96",
            "side": "SELL",
            "size": "9.45",
            "timestamp": "1740918451027"
        }
    },
    {
        "timestamp": "1740918604010",
        "asset_id": "6856495334599070327400479404766108364224261454141327193457127201769494631355",
        "message": {
            "asset_id": "6856495334599070327400479404766108364224261454141327193457127201769494631355",
            "event_type": "last_trade_price",
            "fee_rate_bps": "0",
            "market": "0x405534c03f82e56a397478db7b068dbb683fb46c976265f650ba6510200749da",
            "price": "0.961",
            "side": "BUY",
            "size": "2.081164",
            "timestamp": "1740918604010"
        }
    },
    {
        "timestamp": "1740918680312",
        "asset_id": "6856495334599070327400479404766108364224261454141327193457127201769494631355",
        "message": {
            "asset_id": "6856495334599070327400479404766108364224261454141327193457127201769494631355",
            "event_type": "last_trade_price",
            "fee_rate_bps": "0",
            "market": "0x405534c03f82e56a397478db7b068dbb683fb46c976265f650ba6510200749da",
            "price": "0.96",
            "side": "SELL",
            "size": "38.85",
            "timestamp": "1740918680312"
        }
    },
    {
        "timestamp": "1740918910368",
        "asset_id": "6856495334599070327400479404766108364224261454141327193457127201769494631355",
        "message": {
            "asset_id": "6856495334599070327400479404766108364224261454141327193457127201769494631355",
            "event_type": "last_trade_price",
            "fee_rate_bps": "0",
            "market": "0x405534c03f82e56a397478db7b068dbb683fb46c976265f650ba6510200749da",
            "price": "0.961",
            "side": "BUY",
            "size": "5.37",
            "timestamp": "1740918910368"
        }
    },
    {
        "timestamp": "1740918937108",
        "asset_id": "73195466598131388170821776880758003788512546260802630290144229509026208855089",
        "message": {
            "asset_id": "73195466598131388170821776880758003788512546260802630290144229509026208855089",
            "event_type": "last_trade_price",
            "fee_rate_bps": "0",
            "market": "0x320045be25e331375755d9126cbe20a319ace7c7d9258227e3ccdc9267d786a0",
            "price": "0.025",
            "side": "BUY",
            "size": "50",
            "timestamp": "1740918937108"
        }
    },
    {
        "timestamp": "1740918983465",
        "asset_id": "6856495334599070327400479404766108364224261454141327193457127201769494631355",
        "message": {
            "asset_id": "6856495334599070327400479404766108364224261454141327193457127201769494631355",
            "event_type": "last_trade_price",
            "fee_rate_bps": "0",
            "market": "0x405534c03f82e56a397478db7b068dbb683fb46c976265f650ba6510200749da",
            "price": "0.961",
            "side": "BUY",
            "size": "45",
            "timestamp": "1740918983465"
        }
    },
    {
        "timestamp": "1740919396263",
        "asset_id": "6856495334599070327400479404766108364224261454141327193457127201769494631355",
        "message": {
            "asset_id": "6856495334599070327400479404766108364224261454141327193457127201769494631355",
            "event_type": "last_trade_price",
            "fee_rate_bps": "0",
            "market": "0x405534c03f82e56a397478db7b068dbb683fb46c976265f650ba6510200749da",
            "price": "0.96",
            "side": "SELL",
            "size": "173.77",
            "timestamp": "1740919396263"
        }
    },
    {
        "timestamp": "1740919451929",
        "asset_id": "65661592405417984267066437223235056001699463687124602041720003480189576143687",
        "message": {
            "asset_id": "65661592405417984267066437223235056001699463687124602041720003480189576143687",
            "event_type": "last_trade_price",
            "fee_rate_bps": "0",
            "market": "0x030ffc12d4619622e3d318526e306008bc1fbf982fe95e92b649c9f40a135ad3",
            "price": "0.002",
            "side": "BUY",
            "size": "2500",
            "timestamp": "1740919451929"
        }
    },
    {
        "timestamp": "1740919559622",
        "asset_id": "6856495334599070327400479404766108364224261454141327193457127201769494631355",
        "message": {
            "asset_id": "6856495334599070327400479404766108364224261454141327193457127201769494631355",
            "event_type": "last_trade_price",
            "fee_rate_bps": "0",
            "market": "0x405534c03f82e56a397478db7b068dbb683fb46c976265f650ba6510200749da",
            "price": "0.961",
            "side": "BUY",
            "size": "12",
            "timestamp": "1740919559622"
        }
    },
    {
        "timestamp": "1740919564424",
        "asset_id": "65661592405417984267066437223235056001699463687124602041720003480189576143687",
        "message": {
            "asset_id": "65661592405417984267066437223235056001699463687124602041720003480189576143687",
            "event_type": "last_trade_price",
            "fee_rate_bps": "0",
            "market": "0x030ffc12d4619622e3d318526e306008bc1fbf982fe95e92b649c9f40a135ad3",
            "price": "0.001",
            "side": "SELL",
            "size": "5.9",
            "timestamp": "1740919564424"
        }
    },
    {
        "timestamp": "1740919762080",
        "asset_id": "6856495334599070327400479404766108364224261454141327193457127201769494631355",
        "message": {
            "asset_id": "6856495334599070327400479404766108364224261454141327193457127201769494631355",
            "event_type": "last_trade_price",
            "fee_rate_bps": "0",
            "market": "0x405534c03f82e56a397478db7b068dbb683fb46c976265f650ba6510200749da",
            "price": "0.96",
            "side": "SELL",
            "size": "14.74",
            "timestamp": "1740919762080"
        }
    },
    {
        "timestamp": "1740920142617",
        "asset_id": "83155643791123528545888271368970103667222416553800192242286164648782617698704",
        "message": {
            "asset_id": "83155643791123528545888271368970103667222416553800192242286164648782617698704",
            "event_type": "last_trade_price",
            "fee_rate_bps": "0",
            "market": "0xc69bb8590ecd5f8be946fc6efc4b5783b005e3e121e057f6297fa8e0b8852f1c",
            "price": "0.002",
            "side": "BUY",
            "size": "6275",
            "timestamp": "1740920142617"
        }
    },
    {
        "timestamp": "1740920300588",
        "asset_id": "6856495334599070327400479404766108364224261454141327193457127201769494631355",
        "message": {
            "asset_id": "6856495334599070327400479404766108364224261454141327193457127201769494631355",
            "event_type": "last_trade_price",
            "fee_rate_bps": "0",
            "market": "0x405534c03f82e56a397478db7b068dbb683fb46c976265f650ba6510200749da",
            "price": "0.96",
            "side": "SELL",
            "size": "51.39",
            "timestamp": "1740920300588"
        }
    },
    {
        "timestamp": "1740920673297",
        "asset_id": "6856495334599070327400479404766108364224261454141327193457127201769494631355",
        "message": {
            "asset_id": "6856495334599070327400479404766108364224261454141327193457127201769494631355",
            "event_type": "last_trade_price",
            "fee_rate_bps": "0",
            "market": "0x405534c03f82e56a397478db7b068dbb683fb46c976265f650ba6510200749da",
            "price": "0.96",
            "side": "SELL",
            "size": "24.11",
            "timestamp": "1740920673297"
        }
    },
    {
        "timestamp": "1740920988677",
        "asset_id": "6856495334599070327400479404766108364224261454141327193457127201769494631355",
        "message": {
            "asset_id": "6856495334599070327400479404766108364224261454141327193457127201769494631355",
            "event_type": "last_trade_price",
            "fee_rate_bps": "0",
            "market": "0x405534c03f82e56a397478db7b068dbb683fb46c976265f650ba6510200749da",
            "price": "0.961",
            "side": "BUY",
            "size": "93.652435",
            "timestamp": "1740920988677"
        }
    },
    {
        "timestamp": "1740921172160",
        "asset_id": "6856495334599070327400479404766108364224261454141327193457127201769494631355",
        "message": {
            "asset_id": "6856495334599070327400479404766108364224261454141327193457127201769494631355",
            "event_type": "last_trade_price",
            "fee_rate_bps": "0",
            "market": "0x405534c03f82e56a397478db7b068dbb683fb46c976265f650ba6510200749da",
            "price": "0.959",
            "side": "SELL",
            "size": "184.26",
            "timestamp": "1740921172160"
        }
    },
    {
        "timestamp": "1740921298016",
        "asset_id": "65661592405417984267066437223235056001699463687124602041720003480189576143687",
        "message": {
            "asset_id": "65661592405417984267066437223235056001699463687124602041720003480189576143687",
            "event_type": "last_trade_price",
            "fee_rate_bps": "0",
            "market": "0x030ffc12d4619622e3d318526e306008bc1fbf982fe95e92b649c9f40a135ad3",
            "price": "0.001",
            "side": "SELL",
            "size": "3",
            "timestamp": "1740921298016"
        }
    },
    {
        "timestamp": "1740921393295",
        "asset_id": "6856495334599070327400479404766108364224261454141327193457127201769494631355",
        "message": {
            "asset_id": "6856495334599070327400479404766108364224261454141327193457127201769494631355",
            "event_type": "last_trade_price",
            "fee_rate_bps": "0",
            "market": "0x405534c03f82e56a397478db7b068dbb683fb46c976265f650ba6510200749da",
            "price": "0.959",
            "side": "SELL",
            "size": "8.36",
            "timestamp": "1740921393295"
        }
    },
    {
        "timestamp": "1740921649007",
        "asset_id": "6856495334599070327400479404766108364224261454141327193457127201769494631355",
        "message": {
            "asset_id": "6856495334599070327400479404766108364224261454141327193457127201769494631355",
            "event_type": "last_trade_price",
            "fee_rate_bps": "0",
            "market": "0x405534c03f82e56a397478db7b068dbb683fb46c976265f650ba6510200749da",
            "price": "0.959",
            "side": "SELL",
            "size": "12",
            "timestamp": "1740921649007"
        }
    },
    {
        "timestamp": "1740921673468",
        "asset_id": "6856495334599070327400479404766108364224261454141327193457127201769494631355",
        "message": {
            "asset_id": "6856495334599070327400479404766108364224261454141327193457127201769494631355",
            "event_type": "last_trade_price",
            "fee_rate_bps": "0",
            "market": "0x405534c03f82e56a397478db7b068dbb683fb46c976265f650ba6510200749da",
            "price": "0.961",
            "side": "BUY",
            "size": "1880.552025",
            "timestamp": "1740921673468"
        }
    },
    {
        "timestamp": "1740921705615",
        "asset_id": "6856495334599070327400479404766108364224261454141327193457127201769494631355",
        "message": {
            "asset_id": "6856495334599070327400479404766108364224261454141327193457127201769494631355",
            "event_type": "last_trade_price",
            "fee_rate_bps": "0",
            "market": "0x405534c03f82e56a397478db7b068dbb683fb46c976265f650ba6510200749da",
            "price": "0.959",
            "side": "SELL",
            "size": "10.45",
            "timestamp": "1740921705615"
        }
    },
    {
        "timestamp": "1740922235986",
        "asset_id": "61629812628542112006184910806919500871073513586827345300858319585054511894263",
        "message": {
            "asset_id": "61629812628542112006184910806919500871073513586827345300858319585054511894263",
            "event_type": "last_trade_price",
            "fee_rate_bps": "0",
            "market": "0xdc42f4785d777459645f7d5373c8f6eddbb30b703e1316ac17c527b22694f1b7",
            "price": "0.001",
            "side": "SELL",
            "size": "40",
            "timestamp": "1740922235986"
        }
    },
    {
        "timestamp": "1740922754875",
        "asset_id": "6856495334599070327400479404766108364224261454141327193457127201769494631355",
        "message": {
            "asset_id": "6856495334599070327400479404766108364224261454141327193457127201769494631355",
            "event_type": "last_trade_price",
            "fee_rate_bps": "0",
            "market": "0x405534c03f82e56a397478db7b068dbb683fb46c976265f650ba6510200749da",
            "price": "0.961",
            "side": "BUY",
            "size": "6",
            "timestamp": "1740922754875"
        }
    },
    {
        "timestamp": "1740922911901",
        "asset_id": "61629812628542112006184910806919500871073513586827345300858319585054511894263",
        "message": {
            "asset_id": "61629812628542112006184910806919500871073513586827345300858319585054511894263",
            "event_type": "last_trade_price",
            "fee_rate_bps": "0",
            "market": "0xdc42f4785d777459645f7d5373c8f6eddbb30b703e1316ac17c527b22694f1b7",
            "price": "0.001",
            "side": "SELL",
            "size": "850",
            "timestamp": "1740922911901"
        }
    },
    {
        "timestamp": "1740923063087",
        "asset_id": "65661592405417984267066437223235056001699463687124602041720003480189576143687",
        "message": {
            "asset_id": "65661592405417984267066437223235056001699463687124602041720003480189576143687",
            "event_type": "last_trade_price",
            "fee_rate_bps": "0",
            "market": "0x030ffc12d4619622e3d318526e306008bc1fbf982fe95e92b649c9f40a135ad3",
            "price": "0.001",
            "side": "SELL",
            "size": "950",
            "timestamp": "1740923063087"
        }
    },
    {
        "timestamp": "1740923674680",
        "asset_id": "6856495334599070327400479404766108364224261454141327193457127201769494631355",
        "message": {
            "asset_id": "6856495334599070327400479404766108364224261454141327193457127201769494631355",
            "event_type": "last_trade_price",
            "fee_rate_bps": "0",
            "market": "0x405534c03f82e56a397478db7b068dbb683fb46c976265f650ba6510200749da",
            "price": "0.96",
            "side": "SELL",
            "size": "43.88",
            "timestamp": "1740923674680"
        }
    },
    {
        "timestamp": "1740924369221",
        "asset_id": "6856495334599070327400479404766108364224261454141327193457127201769494631355",
        "message": {
            "asset_id": "6856495334599070327400479404766108364224261454141327193457127201769494631355",
            "event_type": "last_trade_price",
            "fee_rate_bps": "0",
            "market": "0x405534c03f82e56a397478db7b068dbb683fb46c976265f650ba6510200749da",
            "price": "0.961",
            "side": "BUY",
            "size": "16.649307",
            "timestamp": "1740924369221"
        }
    },
    {
        "timestamp": "1740924938214",
        "asset_id": "6856495334599070327400479404766108364224261454141327193457127201769494631355",
        "message": {
            "asset_id": "6856495334599070327400479404766108364224261454141327193457127201769494631355",
            "event_type": "last_trade_price",
            "fee_rate_bps": "0",
            "market": "0x405534c03f82e56a397478db7b068dbb683fb46c976265f650ba6510200749da",
            "price": "0.96",
            "side": "SELL",
            "size": "116.34",
            "timestamp": "1740924938214"
        }
    },
    {
        "timestamp": "1740925181917",
        "asset_id": "6856495334599070327400479404766108364224261454141327193457127201769494631355",
        "message": {
            "asset_id": "6856495334599070327400479404766108364224261454141327193457127201769494631355",
            "event_type": "last_trade_price",
            "fee_rate_bps": "0",
            "market": "0x405534c03f82e56a397478db7b068dbb683fb46c976265f650ba6510200749da",
            "price": "0.961",
            "side": "BUY",
            "size": "15.608739",
            "timestamp": "1740925181917"
        }
    },
    {
        "timestamp": "1740925225600",
        "asset_id": "6856495334599070327400479404766108364224261454141327193457127201769494631355",
        "message": {
            "asset_id": "6856495334599070327400479404766108364224261454141327193457127201769494631355",
            "event_type": "last_trade_price",
            "fee_rate_bps": "0",
            "market": "0x405534c03f82e56a397478db7b068dbb683fb46c976265f650ba6510200749da",
            "price": "0.96",
            "side": "SELL",
            "size": "22.9",
            "timestamp": "1740925225600"
        }
    },
    {
        "timestamp": "1740925413065",
        "asset_id": "6856495334599070327400479404766108364224261454141327193457127201769494631355",
        "message": {
            "asset_id": "6856495334599070327400479404766108364224261454141327193457127201769494631355",
            "event_type": "last_trade_price",
            "fee_rate_bps": "0",
            "market": "0x405534c03f82e56a397478db7b068dbb683fb46c976265f650ba6510200749da",
            "price": "0.96",
            "side": "SELL",
            "size": "26.24",
            "timestamp": "1740925413065"
        }
    },
    {
        "timestamp": "1740925457603",
        "asset_id": "6856495334599070327400479404766108364224261454141327193457127201769494631355",
        "message": {
            "asset_id": "6856495334599070327400479404766108364224261454141327193457127201769494631355",
            "event_type": "last_trade_price",
            "fee_rate_bps": "0",
            "market": "0x405534c03f82e56a397478db7b068dbb683fb46c976265f650ba6510200749da",
            "price": "0.96",
            "side": "SELL",
            "size": "2.84",
            "timestamp": "1740925457603"
        }
    },
    {
        "timestamp": "1740925577233",
        "asset_id": "6856495334599070327400479404766108364224261454141327193457127201769494631355",
        "message": {
            "asset_id": "6856495334599070327400479404766108364224261454141327193457127201769494631355",
            "event_type": "last_trade_price",
            "fee_rate_bps": "0",
            "market": "0x405534c03f82e56a397478db7b068dbb683fb46c976265f650ba6510200749da",
            "price": "0.961",
            "side": "BUY",
            "size": "2.081164",
            "timestamp": "1740925577233"
        }
    },
    {
        "timestamp": "1740925758650",
        "asset_id": "6856495334599070327400479404766108364224261454141327193457127201769494631355",
        "message": {
            "asset_id": "6856495334599070327400479404766108364224261454141327193457127201769494631355",
            "event_type": "last_trade_price",
            "fee_rate_bps": "0",
            "market": "0x405534c03f82e56a397478db7b068dbb683fb46c976265f650ba6510200749da",
            "price": "0.962",
            "side": "BUY",
            "size": "2.079001",
            "timestamp": "1740925758650"
        }
    },
    {
        "timestamp": "1740926024170",
        "asset_id": "6856495334599070327400479404766108364224261454141327193457127201769494631355",
        "message": {
            "asset_id": "6856495334599070327400479404766108364224261454141327193457127201769494631355",
            "event_type": "last_trade_price",
            "fee_rate_bps": "0",
            "market": "0x405534c03f82e56a397478db7b068dbb683fb46c976265f650ba6510200749da",
            "price": "0.96",
            "side": "SELL",
            "size": "103.78",
            "timestamp": "1740926024170"
        }
    },
    {
        "timestamp": "1740926305495",
        "asset_id": "6856495334599070327400479404766108364224261454141327193457127201769494631355",
        "message": {
            "asset_id": "6856495334599070327400479404766108364224261454141327193457127201769494631355",
            "event_type": "last_trade_price",
            "fee_rate_bps": "0",
            "market": "0x405534c03f82e56a397478db7b068dbb683fb46c976265f650ba6510200749da",
            "price": "0.961",
            "side": "BUY",
            "size": "8.91",
            "timestamp": "1740926305495"
        }
    },
    {
        "timestamp": "1740926348508",
        "asset_id": "6856495334599070327400479404766108364224261454141327193457127201769494631355",
        "message": {
            "asset_id": "6856495334599070327400479404766108364224261454141327193457127201769494631355",
            "event_type": "last_trade_price",
            "fee_rate_bps": "0",
            "market": "0x405534c03f82e56a397478db7b068dbb683fb46c976265f650ba6510200749da",
            "price": "0.96",
            "side": "SELL",
            "size": "81.44",
            "timestamp": "1740926348508"
        }
    },
    {
        "timestamp": "1740926410767",
        "asset_id": "6856495334599070327400479404766108364224261454141327193457127201769494631355",
        "message": {
            "asset_id": "6856495334599070327400479404766108364224261454141327193457127201769494631355",
            "event_type": "last_trade_price",
            "fee_rate_bps": "0",
            "market": "0x405534c03f82e56a397478db7b068dbb683fb46c976265f650ba6510200749da",
            "price": "0.961",
            "side": "BUY",
            "size": "3.121747",
            "timestamp": "1740926410767"
        }
    },
    {
        "timestamp": "1740926477762",
        "asset_id": "6856495334599070327400479404766108364224261454141327193457127201769494631355",
        "message": {
            "asset_id": "6856495334599070327400479404766108364224261454141327193457127201769494631355",
            "event_type": "last_trade_price",
            "fee_rate_bps": "0",
            "market": "0x405534c03f82e56a397478db7b068dbb683fb46c976265f650ba6510200749da",
            "price": "0.962",
            "side": "BUY",
            "size": "2.079001",
            "timestamp": "1740926477762"
        }
    },
    {
        "timestamp": "1740926730325",
        "asset_id": "6856495334599070327400479404766108364224261454141327193457127201769494631355",
        "message": {
            "asset_id": "6856495334599070327400479404766108364224261454141327193457127201769494631355",
            "event_type": "last_trade_price",
            "fee_rate_bps": "0",
            "market": "0x405534c03f82e56a397478db7b068dbb683fb46c976265f650ba6510200749da",
            "price": "0.96",
            "side": "SELL",
            "size": "9.36",
            "timestamp": "1740926730325"
        }
    },
    {
        "timestamp": "1740927004780",
        "asset_id": "65661592405417984267066437223235056001699463687124602041720003480189576143687",
        "message": {
            "asset_id": "65661592405417984267066437223235056001699463687124602041720003480189576143687",
            "event_type": "last_trade_price",
            "fee_rate_bps": "0",
            "market": "0x030ffc12d4619622e3d318526e306008bc1fbf982fe95e92b649c9f40a135ad3",
            "price": "0.001",
            "side": "SELL",
            "size": "2400",
            "timestamp": "1740927004780"
        }
    },
    {
        "timestamp": "1740927427209",
        "asset_id": "83156492313921775878087837698449837132415407819948472591171256258102686919964",
        "message": {
            "asset_id": "83156492313921775878087837698449837132415407819948472591171256258102686919964",
            "event_type": "last_trade_price",
            "fee_rate_bps": "0",
            "market": "0x951ead358ab84c4314b8a619593471d80c687cc0272015dddac97fa1094b860e",
            "price": "0.002",
            "side": "SELL",
            "size": "198.65",
            "timestamp": "1740927427209"
        }
    },
    {
        "timestamp": "1740927469167",
        "asset_id": "6856495334599070327400479404766108364224261454141327193457127201769494631355",
        "message": {
            "asset_id": "6856495334599070327400479404766108364224261454141327193457127201769494631355",
            "event_type": "last_trade_price",
            "fee_rate_bps": "0",
            "market": "0x405534c03f82e56a397478db7b068dbb683fb46c976265f650ba6510200749da",
            "price": "0.96",
            "side": "SELL",
            "size": "278.27",
            "timestamp": "1740927469167"
        }
    },
    {
        "timestamp": "1740927836528",
        "asset_id": "6856495334599070327400479404766108364224261454141327193457127201769494631355",
        "message": {
            "asset_id": "6856495334599070327400479404766108364224261454141327193457127201769494631355",
            "event_type": "last_trade_price",
            "fee_rate_bps": "0",
            "market": "0x405534c03f82e56a397478db7b068dbb683fb46c976265f650ba6510200749da",
            "price": "0.96",
            "side": "SELL",
            "size": "15.07",
            "timestamp": "1740927836528"
        }
    },
    {
        "timestamp": "1740928586985",
        "asset_id": "88643218703041538921477211574402135868068849303184796552643053766802615912255",
        "message": {
            "asset_id": "88643218703041538921477211574402135868068849303184796552643053766802615912255",
            "event_type": "last_trade_price",
            "fee_rate_bps": "0",
            "market": "0xeba50b6a5e1a5a682c8aaf34152d4eb91e0410d59117392f09ac2fca9735c366",
            "price": "0.002",
            "side": "SELL",
            "size": "400",
            "timestamp": "1740928586985"
        }
    },
    {
        "timestamp": "1740928586989",
        "asset_id": "61629812628542112006184910806919500871073513586827345300858319585054511894263",
        "message": {
            "asset_id": "61629812628542112006184910806919500871073513586827345300858319585054511894263",
            "event_type": "last_trade_price",
            "fee_rate_bps": "0",
            "market": "0xdc42f4785d777459645f7d5373c8f6eddbb30b703e1316ac17c527b22694f1b7",
            "price": "0.001",
            "side": "SELL",
            "size": "400",
            "timestamp": "1740928586989"
        }
    },
    {
        "timestamp": "1740928586990",
        "asset_id": "73195466598131388170821776880758003788512546260802630290144229509026208855089",
        "message": {
            "asset_id": "73195466598131388170821776880758003788512546260802630290144229509026208855089",
            "event_type": "last_trade_price",
            "fee_rate_bps": "0",
            "market": "0x320045be25e331375755d9126cbe20a319ace7c7d9258227e3ccdc9267d786a0",
            "price": "0.024",
            "side": "SELL",
            "size": "400",
            "timestamp": "1740928586990"
        }
    },
    {
        "timestamp": "1740928587004",
        "asset_id": "83155643791123528545888271368970103667222416553800192242286164648782617698704",
        "message": {
            "asset_id": "83155643791123528545888271368970103667222416553800192242286164648782617698704",
            "event_type": "last_trade_price",
            "fee_rate_bps": "0",
            "market": "0xc69bb8590ecd5f8be946fc6efc4b5783b005e3e121e057f6297fa8e0b8852f1c",
            "price": "0.001",
            "side": "SELL",
            "size": "400",
            "timestamp": "1740928587004"
        }
    },
    {
        "timestamp": "1740928587005",
        "asset_id": "7764507923512538708659015611202625912491255010579260037157032917613332967467",
        "message": {
            "asset_id": "7764507923512538708659015611202625912491255010579260037157032917613332967467",
            "event_type": "last_trade_price",
            "fee_rate_bps": "0",
            "market": "0x902b551eabdaeaf91d9679365ad4bdf258fbd1b85246dee247b30aa8e3d4f4a2",
            "price": "0.004",
            "side": "SELL",
            "size": "400",
            "timestamp": "1740928587005"
        }
    },
    {
        "timestamp": "1740928587008",
        "asset_id": "6856495334599070327400479404766108364224261454141327193457127201769494631355",
        "message": {
            "asset_id": "6856495334599070327400479404766108364224261454141327193457127201769494631355",
            "event_type": "last_trade_price",
            "fee_rate_bps": "0",
            "market": "0x405534c03f82e56a397478db7b068dbb683fb46c976265f650ba6510200749da",
            "price": "0.96",
            "side": "SELL",
            "size": "400",
            "timestamp": "1740928587008"
        }
    },
    {
        "timestamp": "1740928587010",
        "asset_id": "59719086471851132118057103160039200789268717383832814315021216098909788743101",
        "message": {
            "asset_id": "59719086471851132118057103160039200789268717383832814315021216098909788743101",
            "event_type": "last_trade_price",
            "fee_rate_bps": "0",
            "market": "0x5fd3d8604616935f40f6e57ba23f1b57ed8550f2a9df09b2c8be044c4c2489b8",
            "price": "0.001",
            "side": "SELL",
            "size": "400",
            "timestamp": "1740928587010"
        }
    },
    {
        "timestamp": "1740928587016",
        "asset_id": "83156492313921775878087837698449837132415407819948472591171256258102686919964",
        "message": {
            "asset_id": "83156492313921775878087837698449837132415407819948472591171256258102686919964",
            "event_type": "last_trade_price",
            "fee_rate_bps": "0",
            "market": "0x951ead358ab84c4314b8a619593471d80c687cc0272015dddac97fa1094b860e",
            "price": "0.002",
            "side": "SELL",
            "size": "400",
            "timestamp": "1740928587016"
        }
    },
    {
        "timestamp": "1740928587020",
        "asset_id": "65661592405417984267066437223235056001699463687124602041720003480189576143687",
        "message": {
            "asset_id": "65661592405417984267066437223235056001699463687124602041720003480189576143687",
            "event_type": "last_trade_price",
            "fee_rate_bps": "0",
            "market": "0x030ffc12d4619622e3d318526e306008bc1fbf982fe95e92b649c9f40a135ad3",
            "price": "0.001",
            "side": "SELL",
            "size": "400",
            "timestamp": "1740928587020"
        }
    },
    {
        "timestamp": "1740928587030",
        "asset_id": "107702219978983602967102884794835839587439782377291063516912032944463408076101",
        "message": {
            "asset_id": "107702219978983602967102884794835839587439782377291063516912032944463408076101",
            "event_type": "last_trade_price",
            "fee_rate_bps": "0",
            "market": "0x940480935f624dee9e9fa9820159dfdecae3b20b85f9f96a59d54c8fff63daf9",
            "price": "0.002",
            "side": "SELL",
            "size": "400",
            "timestamp": "1740928587030"
        }
    },
    {
        "timestamp": "1740928587031",
        "asset_id": "26236892725262807235372062505277176822581817393263948638256147417812762302719",
        "message": {
            "asset_id": "26236892725262807235372062505277176822581817393263948638256147417812762302719",
            "event_type": "last_trade_price",
            "fee_rate_bps": "0",
            "market": "0x341f95039c52c92771e5bc889c2482ef8472bf82a1a5d222051eb0b62a6cf23f",
            "price": "0.002",
            "side": "SELL",
            "size": "400",
            "timestamp": "1740928587031"
        }
    },
    {
        "timestamp": "1740928587036",
        "asset_id": "20043121189468219599437255198027106640631597812114545269112896531495574826378",
        "message": {
            "asset_id": "20043121189468219599437255198027106640631597812114545269112896531495574826378",
            "event_type": "last_trade_price",
            "fee_rate_bps": "0",
            "market": "0xd35868afa9257d08411f4c7d61601213fc3d9fa1ebbc1d963572263904be2616",
            "price": "0.001",
            "side": "SELL",
            "size": "400",
            "timestamp": "1740928587036"
        }
    },
    {
        "timestamp": "1740928661107",
        "asset_id": "73195466598131388170821776880758003788512546260802630290144229509026208855089",
        "message": {
            "asset_id": "73195466598131388170821776880758003788512546260802630290144229509026208855089",
            "event_type": "last_trade_price",
            "fee_rate_bps": "0",
            "market": "0x320045be25e331375755d9126cbe20a319ace7c7d9258227e3ccdc9267d786a0",
            "price": "0.024",
            "side": "BUY",
            "size": "930",
            "timestamp": "1740928661107"
        }
    },
    {
        "timestamp": "1740928661329",
        "asset_id": "83155643791123528545888271368970103667222416553800192242286164648782617698704",
        "message": {
            "asset_id": "83155643791123528545888271368970103667222416553800192242286164648782617698704",
            "event_type": "last_trade_price",
            "fee_rate_bps": "0",
            "market": "0xc69bb8590ecd5f8be946fc6efc4b5783b005e3e121e057f6297fa8e0b8852f1c",
            "price": "0.001",
            "side": "SELL",
            "size": "400",
            "timestamp": "1740928661329"
        }
    },
    {
        "timestamp": "1740928661336",
        "asset_id": "83156492313921775878087837698449837132415407819948472591171256258102686919964",
        "message": {
            "asset_id": "83156492313921775878087837698449837132415407819948472591171256258102686919964",
            "event_type": "last_trade_price",
            "fee_rate_bps": "0",
            "market": "0x951ead358ab84c4314b8a619593471d80c687cc0272015dddac97fa1094b860e",
            "price": "0.002",
            "side": "SELL",
            "size": "400",
            "timestamp": "1740928661336"
        }
    },
    {
        "timestamp": "1740928661341",
        "asset_id": "6856495334599070327400479404766108364224261454141327193457127201769494631355",
        "message": {
            "asset_id": "6856495334599070327400479404766108364224261454141327193457127201769494631355",
            "event_type": "last_trade_price",
            "fee_rate_bps": "0",
            "market": "0x405534c03f82e56a397478db7b068dbb683fb46c976265f650ba6510200749da",
            "price": "0.96",
            "side": "SELL",
            "size": "400",
            "timestamp": "1740928661341"
        }
    },
    {
        "timestamp": "1740928661344",
        "asset_id": "7764507923512538708659015611202625912491255010579260037157032917613332967467",
        "message": {
            "asset_id": "7764507923512538708659015611202625912491255010579260037157032917613332967467",
            "event_type": "last_trade_price",
            "fee_rate_bps": "0",
            "market": "0x902b551eabdaeaf91d9679365ad4bdf258fbd1b85246dee247b30aa8e3d4f4a2",
            "price": "0.004",
            "side": "SELL",
            "size": "400",
            "timestamp": "1740928661344"
        }
    },
    {
        "timestamp": "1740928661351",
        "asset_id": "65661592405417984267066437223235056001699463687124602041720003480189576143687",
        "message": {
            "asset_id": "65661592405417984267066437223235056001699463687124602041720003480189576143687",
            "event_type": "last_trade_price",
            "fee_rate_bps": "0",
            "market": "0x030ffc12d4619622e3d318526e306008bc1fbf982fe95e92b649c9f40a135ad3",
            "price": "0.001",
            "side": "SELL",
            "size": "400",
            "timestamp": "1740928661351"
        }
    },
    {
        "timestamp": "1740928661364",
        "asset_id": "26236892725262807235372062505277176822581817393263948638256147417812762302719",
        "message": {
            "asset_id": "26236892725262807235372062505277176822581817393263948638256147417812762302719",
            "event_type": "last_trade_price",
            "fee_rate_bps": "0",
            "market": "0x341f95039c52c92771e5bc889c2482ef8472bf82a1a5d222051eb0b62a6cf23f",
            "price": "0.002",
            "side": "SELL",
            "size": "400",
            "timestamp": "1740928661364"
        }
    },
    {
        "timestamp": "1740928661371",
        "asset_id": "107702219978983602967102884794835839587439782377291063516912032944463408076101",
        "message": {
            "asset_id": "107702219978983602967102884794835839587439782377291063516912032944463408076101",
            "event_type": "last_trade_price",
            "fee_rate_bps": "0",
            "market": "0x940480935f624dee9e9fa9820159dfdecae3b20b85f9f96a59d54c8fff63daf9",
            "price": "0.002",
            "side": "SELL",
            "size": "400",
            "timestamp": "1740928661371"
        }
    },
    {
        "timestamp": "1740928661401",
        "asset_id": "59719086471851132118057103160039200789268717383832814315021216098909788743101",
        "message": {
            "asset_id": "59719086471851132118057103160039200789268717383832814315021216098909788743101",
            "event_type": "last_trade_price",
            "fee_rate_bps": "0",
            "market": "0x5fd3d8604616935f40f6e57ba23f1b57ed8550f2a9df09b2c8be044c4c2489b8",
            "price": "0.001",
            "side": "SELL",
            "size": "400",
            "timestamp": "1740928661401"
        }
    },
    {
        "timestamp": "1740928661432",
        "asset_id": "20043121189468219599437255198027106640631597812114545269112896531495574826378",
        "message": {
            "asset_id": "20043121189468219599437255198027106640631597812114545269112896531495574826378",
            "event_type": "last_trade_price",
            "fee_rate_bps": "0",
            "market": "0xd35868afa9257d08411f4c7d61601213fc3d9fa1ebbc1d963572263904be2616",
            "price": "0.001",
            "side": "SELL",
            "size": "400",
            "timestamp": "1740928661432"
        }
    },
    {
        "timestamp": "1740928661472",
        "asset_id": "73195466598131388170821776880758003788512546260802630290144229509026208855089",
        "message": {
            "asset_id": "73195466598131388170821776880758003788512546260802630290144229509026208855089",
            "event_type": "last_trade_price",
            "fee_rate_bps": "0",
            "market": "0x320045be25e331375755d9126cbe20a319ace7c7d9258227e3ccdc9267d786a0",
            "price": "0.024",
            "side": "SELL",
            "size": "400",
            "timestamp": "1740928661472"
        }
    },
    {
        "timestamp": "1740928661509",
        "asset_id": "61629812628542112006184910806919500871073513586827345300858319585054511894263",
        "message": {
            "asset_id": "61629812628542112006184910806919500871073513586827345300858319585054511894263",
            "event_type": "last_trade_price",
            "fee_rate_bps": "0",
            "market": "0xdc42f4785d777459645f7d5373c8f6eddbb30b703e1316ac17c527b22694f1b7",
            "price": "0.001",
            "side": "SELL",
            "size": "400",
            "timestamp": "1740928661509"
        }
    },
    {
        "timestamp": "1740928661634",
        "asset_id": "88643218703041538921477211574402135868068849303184796552643053766802615912255",
        "message": {
            "asset_id": "88643218703041538921477211574402135868068849303184796552643053766802615912255",
            "event_type": "last_trade_price",
            "fee_rate_bps": "0",
            "market": "0xeba50b6a5e1a5a682c8aaf34152d4eb91e0410d59117392f09ac2fca9735c366",
            "price": "0.002",
            "side": "SELL",
            "size": "400",
            "timestamp": "1740928661634"
        }
    },
    {
        "timestamp": "1740928743459",
        "asset_id": "73195466598131388170821776880758003788512546260802630290144229509026208855089",
        "message": {
            "asset_id": "73195466598131388170821776880758003788512546260802630290144229509026208855089",
            "event_type": "last_trade_price",
            "fee_rate_bps": "0",
            "market": "0x320045be25e331375755d9126cbe20a319ace7c7d9258227e3ccdc9267d786a0",
            "price": "0.024",
            "side": "BUY",
            "size": "800",
            "timestamp": "1740928743459"
        }
    }
]